<?xml version="1.0" encoding="UTF-8"?><collection xmlns="http://www.loc.gov/MARC21/slim"><record><leader>00479nam--2200169-i-4500</leader><controlfield tag="001">000035751</controlfield><controlfield tag="002">20161230</controlfield><controlfield tag="005">20161230201040</controlfield><controlfield tag="008">060222s1000------------r-----000-0-eng-d</controlfield><datafield ind1=" " ind2=" " tag="040"><subfield code="a">IFIN-HH</subfield></datafield><datafield ind1=" " ind2=" " tag="080"><subfield code="a">536</subfield></datafield><datafield ind1="1" ind2=" " tag="100"><subfield code="a">Dickerman, Philip J</subfield></datafield><datafield ind1="1" ind2="0" tag="245"><subfield code="a">Optical spectrometric measurements of high temperatures</subfield><subfield code="c">Philip j. dickerman (ed.)</subfield></datafield><datafield ind1=" " ind2=" " tag="260"><subfield code="a">Chicago</subfield><subfield code="b">University Of Chicago Press</subfield><subfield code="c">1961</subfield></datafield><datafield ind1=" " ind2=" " tag="300"><subfield code="a">VII + 268P</subfield></datafield><datafield ind1=" " ind2=" " tag="852"><subfield code="a">16707</subfield><subfield code="c">536</subfield></datafield><datafield ind1=" " ind2=" " tag="CAT"><subfield code="a">Sys</subfield><subfield code="c">20110503</subfield><subfield code="h">154056</subfield></datafield></record></collection>